<record><leader>00000cas a22000007a 4500</leader><controlfield tag="001">15212692</controlfield><controlfield tag="008">870219c19769999txudr ne      0    0eng d</controlfield><datafield ind1=" " ind2=" " tag="010"><subfield code="a">sn 86089039 </subfield></datafield><datafield ind1=" " ind2=" " tag="040"><subfield code="a">PPM</subfield><subfield code="b">eng</subfield><subfield code="c">PPM</subfield><subfield code="d">OCLCQ</subfield></datafield><datafield ind1=" " ind2=" " tag="042"><subfield code="a">msc</subfield></datafield><datafield ind1="0" ind2=" " tag="130"><subfield code="a">Pampa news (Pampa, Tex. : 1976)</subfield></datafield><datafield ind1="1" ind2="4" tag="245"><subfield code="a">The Pampa news.</subfield></datafield><datafield ind1=" " ind2=" " tag="260"><subfield code="a">Pampa, Tex. :</subfield><subfield code="b">Mrs. Louise Fletcher,</subfield><subfield code="c">1976-</subfield></datafield><datafield ind1=" " ind2=" " tag="310"><subfield code="a">Daily</subfield></datafield><datafield ind1="0" ind2=" " tag="362"><subfield code="a">Vol. 70, no. 308 (Apr. 1, 1976)-</subfield></datafield><datafield ind1=" " ind2=" " tag="752"><subfield code="a">United States</subfield><subfield code="b">Texas</subfield><subfield code="c">Gray</subfield><subfield code="d">Pampa.</subfield></datafield><datafield ind1="0" ind2="0" tag="780"><subfield code="t">Pampa daily news (Pampa, Tex. : 1945)</subfield><subfield code="w">(DLC)sn 86089948</subfield></datafield></record>